@book{goossens93,
    author    = "Michel Goossens and Frank Mittelbach and Alexander Samarin",
    title     = "The LaTeX Companion",
    year      = "1993",
    publisher = "Addison-Wesley",
    address   = "Reading, Massachusetts"
}

  @article{greenwade93,
    author  = "George D. Greenwade",
    title   = "The {C}omprehensive {T}ex {A}rchive {N}etwork ({CTAN})",
    year    = "1993",
    journal = "TUGBoat",
    volume  = "14",
    number  = "3",
    pages   = "342--351"
} 

 
\bibitem{caban} CABAN Jakub.
  \emph{Asistent posuzovatele},
  bakalářská práce, FI MUNI, Brno, 2012

\bibitem{shuesi} SHUESI, James C.
  \emph{Android application development for Java programmers: a common sense approach to Web application design.} [online].
  2nd ed. Berkeley, Boston, MA: Course Technology PTR, 2013 [cit. 2014-03-12]. ISBN 978-113-3594-543.
    
\bibitem{hoekman} HOEKMAN, Robert.
  \emph{Designing the obvious: a common sense approach to Web application design}.
  2nd ed. Berkeley, CA: New Riders, 2011 [cit. 2014-03-19]. ISBN 03-217-4985-5.